@article{aazam2019edge,
  author    = {Mohammad Aazam and Sami Zeadally and Khaled A. Harras},
  title     = {Edge Computing: A Survey},
  journal   = {Future Generation Computer Systems},
  volume    = {97},
  pages     = {219--235},
  year      = {2019},
  publisher = {Elsevier},
  doi       = {10.1016/j.future.2019.02.017},
  url       = {https://www.sciencedirect.com/science/article/abs/pii/S0167739X18319903}
}

@article{sakhdari2023systematic,
  author    = {Jalal Sakhdari and Behrooz Zolfaghari and Shaghayegh Izadpanah},
  title     = {Edge Computing: A Systematic Mapping Study},
  journal   = {Concurrency and Computation: Practice and Experience},
  volume    = {35},
  number    = {22},
  year      = {2023},
  publisher = {Wiley},
  doi       = {10.1002/cpe.7741},
  url       = {https://onlinelibrary.wiley.com/doi/abs/10.1002/cpe.7741}
}

@article{acm2023edge,
  title     = {Edge-Computing-Driven Internet of Things: A Survey},
  journal   = {ACM Computing Surveys},
  volume    = {55},
  number    = {8},
  year      = {2023},
  publisher = {ACM},
  doi       = {10.1145/3555308},
  url       = {https://dl.acm.org/doi/abs/10.1145/3555308}
}

@article{capra2019hardware,
  author    = {Maurizio Capra and Riccardo Peloso and Guido Masera and Massimo Ruo Roch and Maurizio Martina},
  title     = {Edge Computing: A Survey On the Hardware Requirements in the Internet of Things World},
  journal   = {Future Internet},
  volume    = {11},
  number    = {4},
  year      = {2019},
  publisher = {MDPI},
  doi       = {10.3390/fi11040100},
  url       = {https://www.mdpi.com/1999-5903/11/4/100}
}
